<record><leader>00000cas a22000007a 4500</leader><controlfield tag="001">10829797</controlfield><controlfield tag="008">840611d18731875scuwr ne      0    0eng d</controlfield><datafield ind1=" " ind2=" " tag="010"><subfield code="a">sn 84027014 </subfield></datafield><datafield ind1=" " ind2=" " tag="040"><subfield code="a">NPU</subfield><subfield code="b">eng</subfield><subfield code="c">NPU</subfield><subfield code="d">SVN</subfield><subfield code="d">OCLCQ</subfield></datafield><datafield ind1=" " ind2=" " tag="042"><subfield code="a">msc</subfield></datafield><datafield ind1="0" ind2=" " tag="130"><subfield code="a">Working man (Columbia, S.C.)</subfield></datafield><datafield ind1="1" ind2="4" tag="245"><subfield code="a">The working man.</subfield></datafield><datafield ind1=" " ind2=" " tag="260"><subfield code="a">Columbia, S.C. :</subfield><subfield code="b">Tilman R. Gaines</subfield></datafield><datafield ind1=" " ind2=" " tag="300"><subfield code="a">v. ;</subfield><subfield code="c">43 cm.</subfield></datafield><datafield ind1=" " ind2=" " tag="310"><subfield code="a">Weekly</subfield></datafield><datafield ind1="1" ind2=" " tag="362"><subfield code="a">Began in 1873; ceased in 1875?</subfield><subfield code="z">Moore, South Carolina Newspapers.</subfield></datafield><datafield ind1=" " ind2=" " tag="588"><subfield code="a">Description based on: Vol. 1, no. 7 (Apr. 4, 1873).</subfield></datafield><datafield ind1=" " ind2="4" tag="651"><subfield code="a">Columbia (S.C.)</subfield><subfield code="v">Newspapers.</subfield></datafield><datafield ind1=" " ind2="4" tag="651"><subfield code="a">Richland County (S.C.)</subfield><subfield code="v">Newspapers.</subfield></datafield><datafield ind1=" " ind2=" " tag="752"><subfield code="a">United States</subfield><subfield code="b">South Carolina</subfield><subfield code="c">Richland</subfield><subfield code="d">Columbia.</subfield></datafield><datafield ind1="1" ind2=" " tag="029"><subfield code="a">AU@</subfield><subfield code="b">000020335535</subfield></datafield></record>